@online{WolframAlpha,
    author   = {Weisstein, Eric W.},
    title    = {wolframalpha},
    subtitle = {From MathWorld--A Wolfram Web Resource},
    note     = {\url{https://www.wolframalpha.com/input/?i=plot+3d+0.5+-+%28sin%28sqrt%28x%5E2+%2B+y%5E2%29%29%5E2+-+0.5%29%2F%281+%2B+0.001+*+%28x%5E2+%2B+y%5E2%29+%29%5E2}},
    url      = {https://www.wolframalpha.com}
}

@manual{MATLAB:2020b,
  address = {Natick, Massachusetts},
  organization = {The Mathworks, Inc.},
  title = {{MATLAB version 9.9.0.1467703 (R2017b)}},
  year = {2017}
}
